% \begin{thebibliography}{1}

% \bibitem{IEEEhowto:kopka}
% H.~Kopka and P.~W. Daly, \emph{A Guide to \LaTeX}, 3rd~ed.\hskip 1em plus
%   0.5em minus 0.4em\relax Harlow, England: Addison-Wesley, 1999.

% \end{thebibliography}


@inproceedings{sharpe,
  author = "Robin A. Sahner and Kishor S. Trivedi",
  title = "SHARPE: Symbolic Hierarchical Automated Reliability and Performance Evaluator",
  url = "http://sharpe.pratt.duke.edu/",
  month         = feb,
  year          = "1992",
  pages         = "74"
}

@inproceedings{gnuplot,
  author = "Thomas Williams and Colin Kelley",
  title = "Gnuplot 4.6, An Interactive Plotting Program",
  url = "http://sourceforge.net/projects/gnuplot",
  year          = "2014",
  pages         = "241"
}